<?xml version="1.0" encoding="UTF-8" ?>
<record Numero="13908482" format="InterXMarc_Complet" type="Authority">
<leader>01515c0 au22000272  45  <Pos Code="0004">01515</Pos>
<Pos Code="05" Sens="notice modifiée">c</Pos>
<Pos Code="06" Sens="notice validée par les services d&apos;autorité">0</Pos>
<Pos Code="08" Sens="notice d&apos;autorité">a</Pos>
<Pos Code="09" Sens="titre uniforme musical (TUM)">u</Pos>
<Pos Code="10">2</Pos>
<Pos Code="11">2</Pos>
<Pos Code="1216">00027</Pos>
<Pos Code="17" Sens="autres cas">2</Pos>
<Pos Code="20">4</Pos>
<Pos Code="21">5</Pos>
</leader>
<controlfield tag="001">FRBNF139084825<Pos Code="0001">FR</Pos>
<Pos Code="0204">BNF</Pos>
<Pos Code="0512">13908482</Pos>
<Pos Code="13">5</Pos>
</controlfield>
<controlfield tag="008">890821101108yy... sy        183001    183004                 010 <Pos Code="0001">89</Pos>
<Pos Code="0203">08</Pos>
<Pos Code="0405">21</Pos>
<Pos Code="0607">10</Pos>
<Pos Code="0809">11</Pos>
<Pos Code="1011">08</Pos>
<Pos Code="1213" Sens="ne s&apos;applique pas">yy</Pos>
<Pos Code="1416" Sens="non renseigné">...</Pos>
<Pos Code="1820">sy </Pos>
<Pos Code="2831">1830</Pos>
<Pos Code="3233">01</Pos>
<Pos Code="3841">1830</Pos>
<Pos Code="4243">04</Pos>
<Pos Code="61" Sens="La vedette peut être liée à une notice bibliographique pour les accès signalétiques et/ou pour l&apos;accès matière RAMEAU">0</Pos>
<Pos Code="62" Sens="La vedette ne peut s&apos;employer qu&apos;en tête de vedette">1</Pos>
<Pos Code="63" Sens="La vedette n&apos;admet pas de subdivision géographique">0</Pos>
</controlfield>
<datafield tag="048" ind1=" " ind2=" ">
	<subfield code="a">oa01<Pos Code="0001" Sens="orchestre - orchestre symphonique XIXe-XXe s.">oa</Pos>
<Pos Code="02">0</Pos>
<Pos Code="03">1</Pos>
</subfield>
</datafield>
<datafield tag="100" ind1=" " ind2=" ">
	<subfield code="3">13891412</subfield>
	<subfield code="w">.0..b.....</subfield>
	<subfield code="a">Berlioz</subfield>
	<subfield code="m">Hector</subfield>
	<subfield code="d">1803-1869</subfield>
</datafield>
<datafield tag="144" ind1="1" ind2=" ">
	<subfield code="w">....b.fre.</subfield>
	<subfield code="a">Symphonie fantastique</subfield>
	<subfield code="k">H 48</subfield>
</datafield>
<datafield tag="301" ind1=" " ind2=" ">
	<subfield code="3">16263973</subfield>
	<subfield code="a">Liszt</subfield>
	<subfield code="m">Franz</subfield>
	<subfield code="d">1811-1886</subfield>
	<subfield code="t">[Transcriptions. Berlioz, Hector. Marche au supplice. Piano. LW A16c]</subfield>
</datafield>
<datafield tag="301" ind1=" " ind2=" ">
	<subfield code="3">13951760</subfield>
	<subfield code="a">Liszt</subfield>
	<subfield code="m">Franz</subfield>
	<subfield code="d">1811-1886</subfield>
	<subfield code="t">[Transcriptions. Berlioz, Hector. L&apos;idée fixe. Piano. LW A16b]</subfield>
</datafield>
<datafield tag="301" ind1=" " ind2=" ">
	<subfield code="3">14832844</subfield>
	<subfield code="a">Liszt</subfield>
	<subfield code="m">Franz</subfield>
	<subfield code="d">1811-1886</subfield>
	<subfield code="t">[Transcriptions. Berlioz, Hector. Episode de la vie d&apos;un artiste. Piano. LW A16a]</subfield>
</datafield>
<datafield tag="301" ind1=" " ind2=" ">
	<subfield code="3">15115503</subfield>
	<subfield code="a">Berlioz</subfield>
	<subfield code="m">Hector</subfield>
	<subfield code="d">1803-1869</subfield>
	<subfield code="t" Barre="4">[Le retour à la vie. H 55A]</subfield>
</datafield>
<datafield tag="320" ind1=" " ind2=" ">
	<subfield code="3">13334625</subfield>
	<subfield code="9">145</subfield>
	<subfield code="a">Massine</subfield>
	<subfield code="m">Léonide</subfield>
	<subfield code="d">1896-1979</subfield>
	<subfield code="t" Barre="3">La symphonie fantastique</subfield>
</datafield>
<datafield tag="444" ind1="1" ind2=" ">
	<subfield code="w">....b.fre.</subfield>
	<subfield code="a">Symphonie fantastique</subfield>
	<subfield code="p">Op. 14</subfield>
</datafield>
<datafield tag="444" ind1="1" ind2=" ">
	<subfield code="w">....b.fre.</subfield>
	<subfield code="a">Épisode de la vie d&apos;un artiste</subfield>
	<subfield code="k">H 48</subfield>
</datafield>
<datafield tag="444" ind1="1" ind2=" ">
	<subfield code="w">....b.fre.</subfield>
	<subfield code="a">Épisode de la vie d&apos;un artiste</subfield>
	<subfield code="p">Op. 14</subfield>
</datafield>
<datafield tag="600" ind1=" " ind2=" ">
	<subfield code="a">Titre original : &quot;Épisode de la vie d&apos;un artiste : symphonie fantastique en cinq parties&quot;</subfield>
	<subfield code="a">Dédicace à Nicolas Ier, tsar de Russie</subfield>
	<subfield code="a">Dates de composition : janvier-avril 1830</subfield>
	<subfield code="a">1re exécution : Paris, salle du Conservatoire, 5 décembre 1830 sous la direction de Habeneck</subfield>
	<subfield code="a">1re éd. : Paris : M. Schlesinger, [1845]</subfield>
</datafield>
<datafield tag="600" ind1=" " ind2=" ">
	<subfield code="a">Comprend : 1, &quot;Rêveries, passions&quot; ; 2, &quot;Un bal&quot; ; 3, &quot;Scène aux champs&quot; ; 4, &quot;Marche au supplice&quot; ; 5, &quot;Songe d&apos;une nuit de sabbat&quot;</subfield>
</datafield>
<datafield tag="610" ind1=" " ind2=" ">
	<subfield code="a">Holoman, Berlioz</subfield>
	<subfield code="a">Grove 6</subfield>
</datafield>
<datafield tag="624" ind1=" " ind2=" ">
	<subfield code="a">780<Pos Code="0002" Sens="Musique">780</Pos>
</subfield>
</datafield>
<datafield tag="917" ind1=" " ind2=" ">
	<subfield code="o">OPL</subfield>
	<subfield code="a">001638792</subfield>
</datafield>
<datafield tag="917" ind1=" " ind2=" ">
	<subfield code="o">OPC</subfield>
	<subfield code="a">100369260</subfield>
</datafield>
<datafield tag="917" ind1=" " ind2=" ">
	<subfield code="o">OPD</subfield>
	<subfield code="a">100723900</subfield>
	<subfield code="b">AMA</subfield>
</datafield>
<datafield tag="917" ind1=" " ind2=" ">
	<subfield code="o">OPD</subfield>
	<subfield code="a">100282650</subfield>
	<subfield code="b">ATUM</subfield>
</datafield>
<datafield tag="996" ind1=" " ind2=" ">
	<subfield code="o">OPP</subfield>
	<subfield code="a">14804566</subfield>
	<subfield code="d">20060504</subfield>
</datafield>
<Attr Nom="IDPerenne">ark:/12148/cb13908482b</Attr>
<Attr Nom="NumSource">OPL 001638792</Attr>
<Attr Nom="Source" Sens="BnF catalogue général (depuis 1999)">A</Attr>
<Attr Nom="NumAutoriteLiee">138914121511550313334625</Attr>
<Attr Nom="DateCreation">21/08/ 1989</Attr>
<Attr Nom="ResponsableCreation">MIGV2</Attr>
<Attr Nom="StructCreation">1</Attr>
<Attr Nom="DateDerniereValidation">08/11/ 2010</Attr>
<Attr Nom="ResponsableDerniereValidation">PUYRENIER FREDERIC</Attr>
<Attr Nom="StructPremiereValidation">1</Attr>
<Attr Nom="DatePremiereValidation">21/08/ 1989</Attr>
<Attr Nom="ResponsablePremiereValidation">MIGV2</Attr>
<Attr Nom="StructDerniereValidation">82</Attr>
<Attr Nom="NumSource" Rep="1">OPC 100369260</Attr>
<Attr Nom="NumSource" Rep="2">OPD 100723900</Attr>
<Attr Nom="NumSource" Rep="3">OPD 100282650</Attr>
<Attr Nom="NumSource" Rep="4">OPP 14804566</Attr>
</record>
